% =============================================================================
% ML for Social Sciences - Shared Bibliography
% =============================================================================
% This file contains all references used across the LaTeX syllabus and 
% Jupyter Book materials for the Machine Learning for Social Sciences course.
% =============================================================================

% =============================================================================
% TEXTBOOKS & FOUNDATIONAL REFERENCES
% =============================================================================

@book{hastie2009elements,
  title={The Elements of Statistical Learning: Data Mining, Inference, and Prediction},
  author={Hastie, Trevor and Tibshirani, Robert and Friedman, Jerome},
  volume={2},
  year={2009},
  publisher={Springer},
  edition={2nd},
  url={https://hastie.su.domains/ElemStatLearn/}
}

@book{kuhn2013applied,
  title={Applied predictive modeling},
  author={Kuhn, Max and Johnson, Kjell and others},
  volume={26},
  year={2013},
  publisher={Springer},
  url={https://link-springer-com.ezproxy.cul.columbia.edu/book/10.1007/978-1-4614-6849-3}
}

@book{james2023introduction,
  title={An Introduction to Statistical Learning with Applications in Python},
  author={James, Gareth and Witten, Daniela and Hastie, Trevor and Tibshirani, Robert and Taylor, Jonathan},
  year={2023},
  publisher={Springer},
  url={https://www.statlearning.com/}
}

@book{strang2019linear,
  title={Linear algebra and learning from data},
  author={Strang, Gilbert and others},
  volume={4},
  year={2019},
  publisher={Wellesley-Cambridge Press Cambridge},
  url={https://clio.columbia.edu/catalog/14383493}
}

@book{prince2023understanding,
        author = "Simon J.D. Prince",
        title = "Understanding Deep Learning",
        publisher = "The MIT Press",
        year = 2023,
        url = "http://udlbook.com"
    }

@book{mitchell1997machine,
  title={Machine Learning},
  author={Mitchell, Tom M},
  volume={1},
  number={9},
  year={1997},
  publisher={McGraw-Hill New York},
  url={https://clio.columbia.edu/catalog/1983983}
}

% =============================================================================
% MACHINE LEARNING SURVEYS & OVERVIEWS
% =============================================================================

@article{mullainathan2017machine,
  title={Machine learning: an applied econometric approach},
  author={Mullainathan, Sendhil and Spiess, Jann},
  journal={Journal of Economic Perspectives},
  volume={31},
  number={2},
  pages={87--106},
  year={2017},
  publisher={American Economic Association 2014 Broadway, Suite 305, Nashville, TN 37203-2418}
}

@article{athey2019machine,
  title={Machine Learning Methods that Economists Should Know About},
  author={Athey, Susan and Imbens, Guido W},
  journal={Annual Review of Economics},
  volume={11},
  number={1},
  pages={685--725},
  year={2019},
  publisher={Annual Reviews}
}

@article{grimmer2021machine,
  title={Machine Learning for Social Science: An Agnostic Approach},
  author={Grimmer, Justin and Roberts, Margaret E and Stewart, Brandon M},
  journal={Annual Review of Political Science},
  volume={24},
  number={1},
  pages={395--419},
  year={2021},
  publisher={Annual Reviews}
}

@article{molina2019machine,
  title={Machine Learning for Sociology},
  author={Molina, Mario and Garip, Filiz},
  journal={Annual Review of Sociology},
  volume={45},
  number={1},
  pages={27--45},
  year={2019},
  publisher={Annual Reviews}
}

@article{de2024use,
  title={The Use of Machine Learning Methods in Political Science: An In-Depth Literature Review},
  author={de Slegte, Jef and Van Droogenbroeck, Filip and Spruyt, Bram and Verboven, Sam and Ginis, Vincent},
  journal={Political Studies Review},
  pages={14789299241265084},
  year={2024},
  publisher={SAGE Publications Sage UK: London, England}
}

@article{gelman2021most,
  title={What are the Most Important Statistical Ideas of the Past 50 Years?},
  author={Gelman, Andrew and Vehtari, Aki},
  journal={Journal of the American Statistical Association},
  volume={116},
  number={536},
  pages={2087--2097},
  year={2021},
  publisher={Taylor \& Francis}
}

% =============================================================================
% LINEAR REGRESSION & CLASSICAL METHODS
% =============================================================================

@article{galton1886regression,
  title = {Regression towards Mediocrity in Hereditary Stature},
  author = {Galton, Francis},
  journal = {The Journal of the Anthropological Institute of Great Britain and Ireland},
  volume = {15},
  pages = {246--263},
  year = {1886},
  publisher = {JSTOR}
}

@article{tufte1975determinants,
  title={Determinants of the Outcomes of Midterm Congressional Elections},
  author={Tufte, Edward R},
  journal={American Political Science Review},
  volume={69},
  number={3},
  pages={812--826},
  year={1975},
  publisher={Cambridge University Press}
}

@article{hibbs2000bread,
  title={Bread and Peace Voting in US Presidential Elections},
  author={Hibbs Jr, Douglas A},
  journal={Public Choice},
  volume={104},
  number={1},
  pages={149--180},
  year={2000},
  publisher={Springer}
}

@article{ward2010perils,
  title={The Perils of Policy by P-value: Predicting Civil Conflicts},
  author={Ward, Michael D and Greenhill, Brian D and Bakke, Kristin M},
  journal={Journal of Peace Research},
  volume={47},
  number={4},
  pages={363--375},
  year={2010},
  publisher={Sage Publications Sage UK: London, England}
}

@article{belloni2014high,
  title={High-dimensional methods and inference on structural and treatment effects},
  author={Belloni, Alexandre and Chernozhukov, Victor and Hansen, Christian},
  journal={Journal of Economic Perspectives},
  volume={28},
  number={2},
  pages={29--50},
  year={2014},
  publisher={American Economic Association 2014 Broadway, Suite 305, Nashville, TN 37203-2418}
}


% =============================================================================
% Dimensionality reduction and clustering
% =============================================================================

@article{magyar2022makes,
  title={What makes party systems different? A principal component analysis of 17 advanced democracies 1970--2013},
  author={Magyar, Zsuzsanna B},
  journal={Political Analysis},
  volume={30},
  number={2},
  pages={250--268},
  year={2022},
  publisher={Cambridge University Press}
}

@article{ahlquist2012model,
  title={Model-based clustering and typologies in the social sciences},
  author={Ahlquist, John S and Breunig, Christian},
  journal={Political Analysis},
  volume={20},
  number={1},
  pages={92--112},
  year={2012},
  publisher={Cambridge University Press}
}

% =============================================================================
% TREE-BASED METHODS & ENSEMBLES
% =============================================================================

@article{kleinberg2018human,
  title={Human decisions and machine predictions},
  author={Kleinberg, Jon and Lakkaraju, Himabindu and Leskovec, Jure and Ludwig, Jens and Mullainathan, Sendhil},
  journal={The quarterly journal of economics},
  volume={133},
  number={1},
  pages={237--293},
  year={2018},
  publisher={Oxford University Press},
  url={https://www.jstor.org/stable/26495162}
}

@article{muchlinski2016comparing,
  title={Comparing Random Forest with Logistic Regression for Predicting Class-imbalanced Civil War Onset Data},
  author={Muchlinski, David and Siroky, David and He, Jingrui and Kocher, Matthew},
  journal={Political Analysis},
  volume={24},
  number={1},
  pages={87--103},
  year={2016},
  publisher={Cambridge University Press}
}

@article{neunhoeffer2019cross,
  title={How cross-validation can go wrong and what to do about it},
  author={Neunhoeffer, Marcel and Sternberg, Sebastian},
  journal={Political Analysis},
  volume={27},
  number={1},
  pages={101--106},
  year={2019},
  publisher={Cambridge University Press}
}


@article{wang2019comparing,
  title={Comparing Random Forest with Logistic Regression for Predicting Class-imbalanced Civil War Onset Data: A Comment},
  author={Wang, Yu},
  journal={Political Analysis},
  volume={27},
  number={1},
  pages={107--110},
  year={2019},
  publisher={Cambridge University Press}
}

@article{mccaffrey2004propensity,
  title={Propensity Score Estimation with Boosted Regression for Evaluating Causal Effects in Observational Studies},
  author={McCaffrey, Daniel F and Ridgeway, Greg and Morral, Andrew R},
  journal={Psychological Methods},
  volume={9},
  number={4},
  pages={403},
  year={2004},
  publisher={American Psychological Association}
}

@article{haffner2023introducing,
  title={Introducing an Interpretable Deep Learning Approach to Domain-specific Dictionary Creation: A Use Case for Conflict Prediction},
  author={H{\"a}ffner, Sonja and Hofer, Martin and Nagl, Maximilian and Walterskirchen, Julian},
  journal={Political Analysis},
  volume={31},
  number={4},
  pages={481--499},
  year={2023}
}

@article{hare2023measuring,
  title={Measuring Swing Voters with a Supervised Machine Learning Ensemble},
  author={Hare, Christopher and Kutsuris, Mikayla},
  journal={Political Analysis},
  volume={31},
  number={4},
  pages={537--553},
  year={2023}
}

@article{loewy2020developing,
  title={Developing an Empirical Model to Forecast United States Presidential Elections: A Machine Learning Approach},
  author={Loewy, Noah and Singh, Ashok and Gallagher, Tina M},
  journal={Advances in Social Sciences Research Journal},
  volume={7},
  number={10},
  pages={186},
  year={2020}
}

% =============================================================================
% NEURAL NETWORKS
% =============================================================================

@article{beck2000improving,
  title={Improving Quantitative Studies of International Conflict: A Conjecture},
  author={Beck, Nathaniel and King, Gary and Zeng, Langche},
  journal={American Political Science Review},
  volume={94},
  number={1},
  pages={21--35},
  year={2000},
  publisher={Cambridge University Press}
}

@article{de2004untangling,
  title={Untangling Neural Nets},
  author={De Marchi, Scott and Gelpi, Christopher and Grynaviski, Jeffrey D},
  journal={American Political Science Review},
  volume={98},
  number={2},
  pages={371--378},
  year={2004},
  publisher={Cambridge University Press}
}

@article{beck2004theory,
  title={Theory and Evidence in International Conflict: A Response to de Marchi, Gelpi, and Grynaviski},
  author={Beck, Nathaniel and King, Gary and Zeng, Langche},
  journal={American Political Science Review},
  volume={98},
  number={2},
  pages={379--389},
  year={2004},
  publisher={Cambridge University Press}
}

@article{jean2016combining,
  title={Combining satellite imagery and machine learning to predict poverty},
  author={Jean, Neal and Burke, Marshall and Xie, Michael and Alampay Davis, W Matthew and Lobell, David B and Ermon, Stefano},
  journal={Science},
  volume={353},
  number={6301},
  pages={790--794},
  year={2016},
  publisher={American Association for the Advancement of Science}
}

@article{gebru2017using,
  title={Using deep learning and Google Street View to estimate the demographic makeup of neighborhoods across the United States},
  author={Gebru, Timnit and Krause, Jonathan and Wang, Yilun and Chen, Duyun and Deng, Jia and Aiden, Erez Lieberman and Fei-Fei, Li},
  journal={Proceedings of the National Academy of Sciences},
  volume={114},
  number={50},
  pages={13108--13113},
  year={2017},
  publisher={National Academy of Sciences}
}

% =============================================================================
% NATURAL LANGUAGE PROCESSING & TEXT AS DATA
% =============================================================================

@article{haaland2025understanding,
  title        = {Understanding Economic Behavior Using Open-Ended Survey Data},
  author       = {Haaland, Ingar K. and Roth, Christopher and Stantcheva, Stefanie and Wohlfart, Johannes},
  journal      = {Journal of Economic Literature},
  year         = {2025},
  note         = {Forthcoming},
  url          = {https://www.aeaweb.org/articles?id=10.1257/jel.20251780\&from=f},
}

@article{barbera2019leads,
  title={Who Leads? Who Follows? Measuring Issue Attention and Agenda Setting by Legislators and the Mass Public Using Social Media Data},
  author={Barber{\'a}, Pablo and Casas, Andreu and Nagler, Jonathan and Egan, Patrick J and Bonneau, Richard and Jost, John T and Tucker, Joshua A},
  journal={American Political Science Review},
  volume={113},
  number={4},
  pages={883--901},
  year={2019},
  publisher={Cambridge University Press}
}

@article{gentzkow2019text,
  title={Text as Data},
  author={Gentzkow, Matthew and Kelly, Bryan and Taddy, Matt},
  journal={Journal of Economic Literature},
  volume={57},
  number={3},
  pages={535--574},
  year={2019},
  publisher={American Economic Association}
}

@article{barbera2021automated,
  title={Automated text classification of news articles: A practical guide},
  author={Barber{\'a}, Pablo and Boydstun, Amber E and Linn, Suzanna and McMahon, Ryan and Nagler, Jonathan},
  journal={Political Analysis},
  volume={29},
  number={1},
  pages={19--42},
  year={2021},
  publisher={Cambridge University Press}
}

@misc{atari2023humans,
  title={Which Humans?},
  author={Atari, Mohammad and Xue, Mona J and Park, Peter S and Blasi, Dami{\'a}n and Henrich, Joseph},
  year={2023},
  publisher={OSF},
  howpublished={OSF Preprints}
}

@article{van2024random,
  title={How Random is Random? Evaluating the Randomness and Humaness of LLMs' Coin Flips},
  author={Van Koevering, Katherine and Kleinberg, Jon},
  journal={arXiv preprint arXiv:2406.00092},
  year={2024}
}

@article{gilardi2023chatgpt,
  title={ChatGPT outperforms crowd workers for text-annotation tasks},
  author={Gilardi, Fabrizio and Alizadeh, Meysam and Kubli, Ma{\"e}l},
  journal={Proceedings of the National Academy of Sciences},
  volume={120},
  number={30},
  pages={e2305016120},
  year={2023},
  publisher={National Academy of Sciences}
}

@article{tornberg2024large,
  title={Large language models outperform expert coders and supervised classifiers at annotating political social media messages},
  author={T{\"o}rnberg, Petter},
  journal={Social Science Computer Review},
  pages={08944393241286471},
  year={2024},
  publisher={SAGE Publications Sage CA: Los Angeles, CA}
}

% =============================================================================
% CAUSAL MACHINE LEARNING
% =============================================================================

@article{green2012modeling,
  title={Modeling heterogeneous treatment effects in survey experiments with Bayesian additive regression trees},
  author={Green, Donald P and Kern, Holger L},
  journal={Public opinion quarterly},
  volume={76},
  number={3},
  pages={491--511},
  year={2012},
  publisher={Oxford University Press UK}
}

@misc{chernozhukov2018double,
  title={Double/Debiased Machine Learning for Treatment and Structural Parameters},
  author={Chernozhukov, Victor and Chetverikov, Denis and Demirer, Mert and Duflo, Esther and Hansen, Christian and Newey, Whitney and Robins, James},
  year={2018},
  publisher={Oxford University Press}
}

@article{zheng2023estimating,
  title={Estimating and Evaluating Treatment Effect Heterogeneity: A Causal Forests Approach},
  author={Zheng, Li and Yin, Weiwen},
  journal={Research \& Politics},
  volume={10},
  number={1},
  pages={20531680231153080},
  year={2023},
  publisher={SAGE Publications Sage UK: London, England}
}

@article{yin2023effects,
  title={The Effects of State Coercion on Voting Outcome in Protest Movements: A Causal Forest Approach},
  author={Yin, Weiwen and Huo, Weidong and Lin, Danyang},
  journal={Political Science Research and Methods},
  volume={11},
  number={3},
  pages={645--653},
  year={2023},
  publisher={Cambridge University Press}
}

% =============================================================================
% GAMES & COMPUTATIONAL BREAKTHROUGHS
% =============================================================================

@article{schaeffer2007checkers,
  title={Checkers is Solved},
  author={Schaeffer, Jonathan and Burch, Neil and Bjornsson, Yngvi and Kishimoto, Akihiro and Muller, Martin and Lake, Robert and Lu, Paul and Sutphen, Steve},
  journal={Science},
  volume={317},
  number={5844},
  pages={1518--1522},
  year={2007},
  publisher={American Association for the Advancement of Science}
}

@article{vaswani2017attention,
  title={Attention is All You Need},
  author={Vaswani, Ashish and Shazeer, Noam and Parmar, Niki and Uszkoreit, Jakob and Jones, Llion and Gomez, Aidan N and Kaiser, {\L}ukasz and Polosukhin, Illia},
  journal={Advances in Neural Information Processing Systems},
  volume={30},
  year={2017}
}

% =============================================================================
% Other
% =============================================================================

@book{minsky1986society,
  title={The Society of Mind},
  author={Minsky, Marvin},
  year={1986},
  publisher={Simon and Schuster}
}

@book{rubin2023creative,
  title={The creative act: A way of being},
  author={Rubin, Rick},
  year={2023},
  publisher={Penguin}
}

@book{freedman2010statistical,
  title={Statistical Models and Causal Inference},
  author={Freedman, David A and Collier, David and Sekhon, Jasjeet S and Stark, Philip B},
  year={2010},
  publisher={New York: Cambridge University Press}
}


% =============================================================================
% ML papers
% =============================================================================

@article{breiman2001random,
  title={Random forests},
  author={Breiman, Leo},
  journal={Machine learning},
  volume={45},
  number={1},
  pages={5--32},
  year={2001},
  publisher={Springer}
}